4284 5822
696 385 753 470 90
838 335 1794 440 SnncrmrttumMnrrtnmiriconuir

743 473 954 586 Qrmiam
971 485 1107 546 autem
1126 483 1201 574 per
1220 475 1347 538 certat
1367 454 1563 540 restitum
1592 451 1786 542 linearum
1816 473 1908 547 mo:

689 589 821 670 tiones
842 585 882 662 in
894 579 1150 693 geometricis
1171 571 1312 656 cunila
1332 564 1417 653 fieri
1436 565 1715 682 probavimusr
1735 573 1907 662 manife.

687 697 870 809 stumque
881 693 1009 808 fitpro
1020 686 1178 774 diversis
1191 686 1599 770 motarumreiiatum
1617 689 1725 770 inter
1745 683 1783 772 se
1798 687 1906 804 poli.

686 814 782 896 turis
800 805 1032 896 effectionis
1053 797 1147 885 inde
1163 802 1445 916 provenientes
1470 797 1636 886 diversas
1667 810 1910 891 mutationes

684 921 815 1010 subire
839 971 851 1034 t
882 911 1235 1032 tridensprofeiio
1265 911 1322 998 est
1343 911 1395 998 ab
1411 913 1473 1000 his
1494 917 1690 1000 reiiarum
1709 911 1905 1005 linearum

686 1027 1250 1143 diverfismotibus‚variisque
1268 1025 1614 1143 dispofitionibus,
1634 1025 1904 1120 veluticertit

687 1145 922 1266 quibusdam
944 1149 1200 1262 geometrice
1220 1139 1425 1229 facultatis
1444 1141 1655 1231 elementis
1688 1153 1906 1260 geometri.

686 1293 778 1350 cum
787 1261 911 1347 robur
932 1263 1115 1376 accipere
1135 1255 1331 1372 quicquid
1350 1262 1395 1344 in
1420 1258 1715 1346 mathematicis
1733 1283 1905 1376 geom-j

687 1384 830 1466 tticam
843 1373 1036 1462 desiderat
1046 1371 1297 1460 solutionem.
1312 1375 1479 1461 Horum
1498 1401 1596 1492 ergo
1622 1383 1902 1492 geometrico.

687 1521 775 1581 rum
793 1489 1095 1580 Elementorum
1107 1484 1206 1576 esto.

688 1711 1029 1737 w

883 1831 1331 1928 ELEMENTUM
1377 1831 1676 1922 PRIMUM.

926 2023 994 2106 De
1012 2019 1191 2106 rri'imm
1207 2009 1390 2098 linearum
1410 2007 1668 2098 coincidentia.

1000 2192 1144 2278 Fotis
1176 2189 1571 2276 luvnnrroms.

790 2401 1034 2486 Lementatis
1056 2398 1141 2484 haec
1152 2392 1468 2484 coincidentium
1481 2397 1586 2484 inter
1596 2393 1633 2482 se
1645 2393 1839 2486 lineatum
1850 2391 1908 2487 itii

789 2512 943 2598 stitutio
957 2509 1697 2630 neceffariamhabetcumangolorum
1716 2510 1907 2604 dotirim

688 2631 1062 2735 conne&ionem,in
1077 2654 1206 2743 eaque
1217 2651 1307 2713 tota
1318 2624 1905 2740 fundatur3namabindiresta

688 2743 1156 2830 linearumcoincidentia
1167 2741 1359 2860 angulum
1370 2740 1902 2858 angulosvetamquiivera

688 2857 1222 2975 causaprodiresatisaperte
1236 2853 1765 2940 declarateorumdefinitio.
1788 2850 1904 2942 Cltm

687 2970 1307 3086 itaqueangulorum'procreatio
1315 2973 1536 3084 precipuus
1547 2966 1595 3064 fit
1605 2971 1722 3081 quiin
1732 2994 1906 3055 concur.

689 3085 867 3172 rentibus
885 3091 989 3170 inter
1007 3085 1045 3170 se
1065 3082 1178 3170 lineis
1187 3106 1353 3168 notetur
1362 3075 1548 3187 effeetus,
1572 3079 1629 3165 ob
1647 3107 1735 3168 eam
1747 3085 1903 3173 caulam

690 3205 808 3316 primi
826 3196 942 3311 hujus
971 3197 1174 3287 Elementi
1203 3199 1387 3286 traiiatio
1411 3203 1452 3284 in
1476 3194 1715 3316 angulorum
1737 3196 1789 3280 ad
1813 3223 1902 3280 mu-

689 3339 802 3398 tuum
826 3309 1016 3396 linearum
1044 3309 1252 3398 occursum
1284 3311 1535 3397 nascentium
1555 3307 1902 3423 contemplatione

687 3425 885 3540 praecipue
914 3421 1116 3532 versatur,
1158 3453 1231 3542 per
1257 3424 1446 3538 illamque
1476 3423 1652 3510 maximi
1682 3421 1904 3539 perfinitum*

689 3539 876 3655 Qisquis
893 3543 1017 3654 igitur
1032 3537 1271 3656 angulorum
1291 3566 1470 3626 naturam
1493 3605 1506 3646 ,
1526 3561 1770 3650 ortumque,
1804 3535 1905 3626 sicut

686 3661 784 3740 ante
795 3651 939 3736 tradita
954 3649 1070 3757 sunt,
1091 3653 1221 3768 probi*
1240 3658 1419 3755 noverit,
1444 3661 1486 3740 δι
1499 3649 1660 3764 penitits
1670 3647 1898 3767 inspexerit,

686 3774 718 3853 is
737 3764 876 3884 postei
894 3791 965 3879 per
991 3766 1113 3850 talem
1134 3773 1409 3882 cognitionem
1422 3791 1487 3872 ,at
1519 3794 1569 3850 ue
1581 3763 1905 3882 comprehensio.

685 3909 779 3968 nem
803 3905 1066 3994 quecumque
1083 3878 1168 3966 feri:
1189 3879 1240 3966 de
1258 3878 1505 3965 coincidenti
1537 3905 1579 3961 us
1605 3879 1717 3964 lineis
1735 3875 1903 3971 formati

686 3993 850 4115 poliunt
870 3990 936 4079 vel
957 3993 1228 4100 theoremata,
1246 3993 1311 4079 vel
1331 3991 1592 4111 problemata·
1602 3991 1710 4078 facili
1729 4003 1901 4112 negotio

684 4117 880 4230 reperiet,
898 4133 942 4194 re
971 4109 1467 4224 ettaquefirmillimarum,
1497 4105 1601 4196 &ab
1612 4108 1905 4227 eodemcogni.

595 4273 598 4279 ·
686 4231 805 4312 tionis
816 4223 932 4310 fonte
995 4223 1165 4310 ustorum
1178 4221 1560 4324 demonstrationum
1572 4221 1898 4320 roboremuniet.

685 4343 978 4459 Principiornm
1000 4346 1109 4428 enim
1131 4336 1297 4456 diligens
1316 4337 1542 4426 observatio
1559 4343 1665 4423 viam
1687 4341 1901 4456 praebetad

682 4454 932 4572 reliquorum
949 4461 1129 4542 omnium
1156 4461 1430 4544 inventionem
1458 4453 1755 4570 paratiffimam.
1786 4459 1902 4574 Qu

684 4575 771 4654 imo
804 4577 873 4685 qni
898 4566 1056 4682 plenam
1086 4568 1272 4660 habuerit
1293 4575 1419 4685 princi
1450 4573 1576 4654 'orum
1606 4575 1901 4688 cognitionem,

679 4681 764 4797 jam
783 4682 1027 4798 persenam,
1047 4685 1140 4774 licet
1157 4685 1339 4777 nondum
1347 4599 1589 4800 explentem
1601 4690 1796 4798 omnium,
1808 4717 1899 4812 quae,
