4284 5822
711 351 783 438 162
845 345 1216 432 Snrcrrrrnunr
1260 329 1831 424 Marnrnrarrcorurr

710 445 806 570 bus,
823 487 912 576 quae
921 453 1164 573 pernimiam
1176 441 1637 563 composstionemsuam
1655 475 1808 536 natura:
1826 453 1931 542 virer'

711 577 921 698 superant,
935 568 1197 654 verumetiam
1207 591 1281 680 pro
1292 558 1610 678 quibuscumque
1628 561 1711 648 aliis
1726 593 1823 650 com
1854 568 1934 658 on.

712 682 1072 782 tisearumvalores
1084 673 1792 798 pernumerosabsolntonvelsurdos
1812 593 1933 800 dgni.

715 799 891 896 ficabiles
903 797 1159 913 sunt,aliquas
1169 823 1254 880 non
1263 791 1633 899 abstraetorum‚sed
1643 821 1934 890 concretorum
1966 817 1969 822 “

713 945 973 1007 numerorum
993 911 1018 998 s
1037 917 1140 1000 ecies
1158 935 1296 998 mente
1311 909 1723 1026 comprehendamus:
1741 939 1837 998 nam
1855 944 1933 1034 po.

712 945 1200 1146 stedfacileintdligemus
1212 1054 1291 1143 qua
1307 1031 1465 1110 ratione
1484 1025 1705 1110 numeralia
1725 1026 1812 1116 hac
1831 1057 1934 1147 pro.

710 1151 833 1246 ‚ducta
843 1170 1084 1266 generantur
1097 1152 1164 1250 ,δι
1174 1139 1386 1258 quomodo
1401 1165 1471 1258 per
1481 1139 1716 1228 divisionem
1733 1169 1858 1259 atque
1868 1173 1933 1232 ra.

715 1266 854 1356 dicum
863 1263 1149 1348 extrafflonem
1161 1264 1204 1342 in
1214 1254 1574 1360 totdimenfiones,
1591 1283 1696 1372 quot
1708 1286 1847 1344 eorum
1858 1260 1935 1350 de.

715 1383 943 1466 nominatio
952 1374 1120 1480 indicat,
1127 1367 1352 1460 resolubilia
1361 1371 1463 1460 sunt.
1479 1376 1551 1458 'Sic
1561 1372 1934 1485 antaradensem,

720 1495 785 1580 rel
797 1489 933 1611 potius
953 1487 1936 1606 impotentiaartocorrigetur,&phantafianotis

716 1613 937 1725 imaginum
950 1598 1424 1722 speciebusadjuvabitur.

777 1717 1072 1812 Etsanemultd
1085 1711 1334 1804 tolerabilius
1346 1715 1445 1801 mihi
1462 1713 1622 1802 videtur
1640 1717 1942 1835 magnitudines

715 1837 836 1957 {upra
854 1842 998 1922 trinam
1022 1831 1310 1919 dimensionem
1319 1828 1576 1918 ascendentes
1597 1831 1857 1924 arithmetice
1865 1864 1943 1954 per

722 1951 962 2070 explicatam
981 1945 1220 2034 methodum
1232 1950 1464 2063 concipere,
1475 1943 1762 2064 quimeasdem
1774 1977 1943 2068 geome.

718 2075 826 2156 trico
846 2092 959 2148 more
979 2069 1199 2180 imaginari.
1222 2058 1304 2152 Illae
1329 2066 1439 2148 enim
1463 2069 1601 2149 inanes
1620 2064 1713 2150 sunt
1730 2070 1938 2158 continua:

718 2173 1133 2304 quantitatissprcies,
1146 2204 1312 2292 quarum
1323 2173 1485 2262 effedlio
1495 2203 1581 2266 tum
1595 2175 1702 2263 facin
1718 2178 1938 2300 impoffibi.

714 2297 768 2382 ‘lis
784 2323 894 2404 ,tum
907 2317 1044 2380 mente
1052 2289 1462 2410 incomprehenfibilis
1481 2293 1551 2379 est.
1574 2289 1719 2380 Soldm
1737 2293 1814 2380 hac
1832 2299 1874 2379 in
1893 2323 1937 2384 re

725 2403 1018 2498 cavendumest
1038 2405 1201 2496 nelicut
1224 2433 1412 2492 numeros
1432 2434 1573 2494 omnes
1593 2408 1735 2496 naturi
1753 2405 1822 2497 sud
1837 2407 1928 2524 ejull

719 2527 815 2616 ,dem
839 2527 993 2642 generis
1011 2519 1088 2608 elle
1107 2588 1119 2626 ,
1138 2517 1215 2606 eos
1234 2548 1285 2607 ue
1304 2521 1518 2640 propterel
1536 2521 1761 2642 promiscue
1781 2529 1888 2610 inter
1896 2520 1933 2612 le
2068 2610 2071 2618 Α

721 2635 915 2746 addi‚vel
926 2665 1049 2721 unum
1058 2633 1109 2718 ab
1118 2633 1198 2719 alio
1207 2549 1484 2756 detrahipoffe
1504 2666 1578 2753 pro
1595 2663 1710 2725 certo
1731 2665 1939 2748 tenemus,

720 2761 909 2843 itaeriam
923 2780 995 2869 pro
1028 2777 1087 2838 ter
1099 2759 1388 2868 conceptiones
1405 2751 1555 2836 nostras
1576 2759 1749 2838 numeris
1767 2757 1942 2840 nimium

724 2869 906 2986 alligatas
917 2779 1078 2951 credere
1089 2861 1282 2971 velimus,
1305 2863 1597 2982 magnitudines
1615 2891 1755 2951 omnes
1773 2870 1878 2950 inter
1898 2865 1943 2956 se

720 2983 993 3099 homogeneas
1011 2977 1112 3086 else,
1136 3006 1233 3097 quas
1250 2978 1530 3095 cujuscumque
1546 2977 1710 3064 alterius
1728 2977 1941 3070 additione

720 3125 867 3214 augere
880 3094 963 3200 ,vel
975 3092 1178 3180 ablatione
1187 3097 1361 3180 minuere
1371 3090 1429 3178 fas
1442 3093 1510 3199 sit,
1523 3092 1815 3208 quodminime
1825 3093 1934 3186 licet:

721 3238 898 3314 nam,ut
908 3209 1091 3313 diximus,
1104 3206 1341 3326 magnitudo
1354 3207 1505 3292 duabus
1517 3206 1826 3294 dimenlionibus
1835 3239 1936 3296 con.

716 3350 832 3420 centa
861 3351 924 3407 ma
956 3323 1128 3418 nitudini
1146 3349 1225 3409 tres
1250 3321 1514 3408 dimenliones
1533 3320 1701 3408 habenti
1719 3323 1937 3442 heteroge-

717 3469 794 3526 nea
815 3438 900 3546 est,
919 3354 1017 3522 drus
1030 3444 1072 3520 in
1091 3433 1318 3524 universum
1339 3434 1634 3556 magnitudines
1652 3467 1792 3525 omnes
1813 3501 1828 3544 ,
1848 3457 1937 3555 q'uae

717 3584 803 3640 non
820 3581 934 3668 aeque
946 3550 1081 3635 multis
1098 3549 1405 3636 dimensionibus
1416 3547 1601 3636 constant
1616 3581 1739 3664 ,quas
1760 3559 1803 3639 in
1815 3582 1937 3639 unam

718 3668 913 3754 summam
952 3663 1173 3754 coalescere
1202 3663 1313 3784 poffe
1343 3693 1544 3786 repugnat
1568 3665 1938 3786 heterogeneorum

717 3783 800 3871 lex.
1315 3789 1316 3792 ‘
1660 3801 1664 3806 ’

775 3903 844 3988 Sic
867 3897 981 4013 jacitis
1011 3893 1211 4014 logistices
1238 3892 1469 3982 universalis
1497 3893 1767 3986 fundamentis
1795 3896 1934 3986 conse-

721 4041 848 4130 quens
869 4013 927 4102 est
950 4037 997 4098 ur
1019 4013 1102 4128 ejus
1115 4009 1310 4130 regulas,
1338 4037 1463 4128 atque
1481 4009 1589 4132 leges
1609 4011 1785 4102 breviter
1804 4042 1934 4136 erpo·¹

719 4155 826 4222 mm.

1287 4357 1426 4640 ἔξ
