4284 5822
575 449 578 454 Δ
702 369 782 450 aaa
859 342 1843 430 Sanctia-iuniaManneotai-ricoiiuia·

630 469 636 477 '
706 453 854 542 deinde
871 461 1133 570 proprietates
1145 450 1598 569 corisequantutssagaci
1609 455 1924 572 mentisiodagis.

705 597 758 654 ne
769 567 1087 685 pervestigamus.
1110 568 1239 684 Qud
1256 567 1324 651 fiet
1342 565 1527 672 (simodo
1542 573 1725 653 nosintra
1745 568 1925 684 vulgatis

706 685 939 794 geometria
959 683 1100 767 limites
1112 689 1290 795 recipere
1304 681 1469 766 velimus
1484 689 1497 783 )
1513 681 1930 798 autidatispunsiis,.

707 806 750 881 δι
770 800 879 878 notis
898 795 1116 882 intervallis
1138 793 1306 880 circulos
1326 793 1389 879 vel
1411 821 1523 878 arcus
1541 793 1825 900 describendo,
1846 803 1929 912 qui.

706 915 887 1023 cognitas
901 904 1178 1013 lineassecent,
1198 905 1262 992 vel
1274 907 1921 1023 tanganttautpositascertomo·

705 1019 900 1106 dotcetas
918 1021 1037 1106 lineas
1048 1019 1485 1136 producendo‚,aliisve
1499 1025 1612 1106 iestis
1625 1023 1918 1116 conneciendo:

704 1161 776 1221 aut
792 1133 846 1217 ad
867 1133 978 1219 datas
1004 1140 1146 1242 ienis,
1166 1134 1229 1220 vel
1245 1141 1407 1220 noviter
1426 1134 1830 1250 dustas„parallelas,
1853 1136 1931 1226 vel·

703 1247 1051 1366 perpendiculares
1071 1248 1276 1333 ducendo:
1292 1273 1365 1332 aut
1382 1247 1553 1336 certensi
1588 1277 1725 1334 uarum
1744 1250 1920 1336 inserena

704 1361 760 1446 do
784 1361 1019 1448 concursum
1044 1391 1093 1449 ex
1116 1391 1215 1448 noto
1236 1368 1276 1444 in
1295 1361 1384 1478 ipsis
1404 1277 1733 1478 imparaflelismo.
1768 1367 1927 1453 Namsi

604 1545 606 1550 .
703 1474 842 1591 postes
856 1478 975 1562 tame
995 1477 1140 1564 tradita
1158 1484 1200 1559 in
1222 1475 1429 1560 elementis
1447 1475 1919 1592 geometricisdociiins,

705 1587 826 1702 quim
839 1617 887 1673 ex
899 1597 1142 1676 enumeratis
1153 1587 1373 1672 universalis
1393 1588 1621 1677 Matheseos
1638 1595 1841 1709 principiis
1858 1623 1922 1680 ar.

705 1729 898 1818 gumenta
915 1729 1131 1818 petantur,
1157 1709 1373 1788 innumerae
1394 1703 1482 1788 fere
1506 1703 1802 1814 conclusiones,
1821 1715 1932 1794 totis

705 1817 801 1900 dom
828 1817 1147 1932 propositionum
1171 1813 1400 1902 effectrices·
1417 1845 1500 1900 non
1530 1816 1924 1933 invitaeiscquentur,

699 1931 830 2043 atque
841 1929 892 2013 fic
899 1929 1092 2046 paulatim
1113 1927 1311 2014 accrescet
1334 1935 1562 2046 geomettiae
1584 1958 1743 2047 corpus.
1766 1935 1926 2024 Vatum

706 2043 785 2129 hac
799 2042 851 2128 de
861 2071 904 2128 re
914 2042 1027 2160 plura
1037 2043 1214 2129 dicemus
1230 2111 1249 2149 ,,
1266 2042 1362 2130 cum
1385 2043 1436 2128 de
1455 2046 1847 2132 Mathematicorum-
1860 2079 1924 2136 ar.

702 2183 993 2272 gumentorum
1004 2154 1159 2242 sedibus
1169 2153 1404 2274 einprofeffo
1424 2154 1643 2244 sermonem
1663 2158 1928 2255 instituemus·

705 2273 916 2360 Caeterum
941 2278 983 2355 in
1011 2271 1295 2354 concinnandis
1319 2268 1724 2358 demonstrationibus
1749 2278 1927 2364 maxims.-

706 2382 1126 2472 varietatedeleetaius
1138 2383 1220 2468 sum
1235 2433 1245 2494 5
1261 2411 1352 2467 nam
1367 2383 1493 2468 mods>
1506 2381 1670 2491 diffuso,
1691 2387 1920 2478 modocon.

708 2503 839 2584 trano
857 2497 1071 2584 verborum
1089 2525 1281 2614 apparatu
1312 2496 1395 2581 sum
1414 2497 1522 2606 usus,
1544 2499 1671 2586 modo
1695 2501 1720 2586 fi
1753 2531 1836 2588 uras
1850 2502 1917 2588 ali.

708 2641 808 2726 quas
819 2679 830 2716 ,
843 2611 908 2696 vel
921 2641 1015 2696 cum
1032 2610 1158 2698 literis
1174 2679 1186 2716 ,
1204 2610 1269 2695 vel
1282 2611 1362 2696 sine
1380 2611 1665 2718 Iriensium&
1676 2530 1924 2703 nuslasadhi.

711 2725 793 2812 bui.
811 2725 940 2838 quue
953 2754 1004 2812 eo
1013 2721 1225 2841 pracsertim
1247 2724 1524 2831 consilioseci,
1544 2753 1740 2811 utomnes
1753 2727 1938 2812 demon.

711 2837 860 2926 strandi
884 2840 1028 2924 modos
1051 2866 1318 2954 proponerem
1338 2903 1349 2939 ,
1371 2849 1412 2922 &
1431 2867 1480 2922 ex
1497 2838 1666 2920 aliorum
1680 2836 1932 2950 judiciodis-

711 2953 1031 3063 ceremquisnam
1054 2981 1134 3068 prae
1144 2956 1283 3062 ceteris
1295 2955 1429 3066 potior
1448 2947 1675 3036 haberetur.
1698 2957 1743 3039 N
1748 2981 1802 3032 on
1815 2961 1936 3042 enim

710 3066 797 3158 haeo
817 3066 946 3152 solum
958 3057 1525 3168 mihi‚sedetiamaliissc'ribo.
1546 3062 1921 3180 Quidquidsitnon

740 3180 1005 3296 repositiones
1024 3177 1187 3266 tantiam
1205 3245 1219 3280 ‚
1239 3175 1305 3262 sed
1327 3177 1501 3262 maxime
1517 3204 1652 3263 carum
1673 3183 1779 3264 inter
1798 3183 1838 3266 se
1852 3213 1928 3268 co.

708 3209 941 3378 sorentum
956 3363 968 3400 ,
977 3305 1018 3397 δι
1030 3292 1140 3376 simul
1151 3299 1251 3374 viam
1266 3295 1520 3405 quainveniri
1530 3287 1704 3378 debeant
1717 3291 1925 3388 ostendere

711 3405 865 3516 ubique
876 3409 998 3494 volui.
1018 3407 1199 3520 ideoque
1218 3405 1309 3488 alias
1330 3402 1565 3509 corollaria,
1585 3432 1649 3489 eas
1672 3435 1818 3526 nempe
1836 3442 1926 3529 quae

709 3517 763 3605 ab
781 3519 1086 3606 elementaribus
1103 3517 1336 3604 immediate
1348 3518 1599 3604 derivanturt
1620 3517 1712 3607 alias
1736 3523 1874 3613 veroa

710 3634 998 3752 pendices‚seu
1017 3629 1583 3740 confessoriastllatnimirum,
1607 3661 1695 3748 quae
1718 3635 1742 3722 ri
1764 3560 1931 3729 corolff

709 3755 776 3831 riis
795 3755 990 3864 originem
1008 3749 1160 3842 ducunt
1179 3809 1194 3852 ,
1212 3775 1287 3863 pto
1304 3746 1471 3836 arbitrio
1490 3753 1719 3858 nominavi,
1738 3751 1859 3868 piane
1880 3785 1927 3846 ut

710 3888 900 3980 appareat
918 3863 1024 3947 hanc
1051 3889 1183 3948 meam
1213 3857 1469 3977 scriptionem
1490 3891 1650 3978 „quam
1672 3867 1829 3954 tantiam
1850 3901 1924 3989 pro

709 3973 930 4093 specimine
952 3975 1125 4064 exhibeo
1148 4046 1159 4084 ,
1180 4000 1383 4063 recentem
1414 3983 1564 4094 ingenii
1593 3977 1736 4065 soetum
1760 3981 1861 4092 esse,
1881 3999 1924 4076 &

710 4089 853 4174 rodem
872 4089 1003 4192 adhuc
1023 4088 1187 4201 molem,
1208 4119 1295 4208 quae
1305 4089 1511 4182 meliorem
1524 4090 1696 4188 sormam
1706 4096 1926 4215 aliquando

712 4205 1009 4324 sitacceptura..
1060 4287 1063 4294 .
1537 4211 1541 4218 '
