4284 5822
390 361 433 390 '⁹'
504 371 678 462 Lim
711 376 751 464 10·
796 311 988 458 erint
1026 371 1087 458 V}
1330 385 1424 481 '¹4¹

209 499 259 573 ut
282 487 456 606 opinor3
475 491 545 604 qui
564 487 632 572 illa
649 513 732 571 non
752 473 935 600 praeferri
954 485 1112 598 ingenti
1130 479 1187 565 illi
1207 481 1424 570 Euclideo.

209 631 297 686 rum
330 602 664 705 Elementorum,
692 599 858 686 confuso
876 598 962 683 satis
988 599 1130 682 ordine
1142 595 1420 714 dispositorum

206 716 487 822 multitudini,
512 745 597 802 turn
629 717 741 831 quod
765 713 819 799 ob
842 718 1030 828 exiguum
1052 737 1190 794 eorum
1209 741 1418 800 numerum

208 829 366 917 facilibs
387 837 588 916 memoriae
598 829 857 934 mandentur,
873 855 921 910 ac
933 830 1068 908 omnia
1077 831 1323 940 geometrica
1343 833 1421 910 vir·

110 1013 113 1020 .
210 951 724 1058 tutecontineant,quaein
747 941 962 1029 Elementis
981 937 1178 1028 Euclideis
1197 938 1417 1052 habentur,

210 1087 298 1144 tum
331 1060 546 1178 praesertim
569 1057 681 1172 quod
710 1056 851 1142 oblato
878 1054 1014 1168 aliquo
1046 1052 1299 1169 problemate
1321 1122 1332 1158 ,
1354 1056 1419 1140 vel

210 1173 467 1260 theoremate·
486 1178 758 1287 geometrico,
773 1179 813 1255 in
824 1169 910 1255 baec
921 1195 1045 1285 pauca
1065 1172 1310 1253 Geomerriae
1329 1169 1420 1254 Ele-

215 1315 355 1375 menta
372 1295 515 1373 mentis
537 1291 639 1370 acies
656 1285 774 1372 facili:
788 1287 1111 1388 convertitur,&
1123 1280 1235 1366 nullo
1253 1278 1340 1368 ferb
1353 1311 1422 1366 ne.

209 1408 330 1520 gotio
341 1399 545 1494 cerniturd
557 1428 736 1514 quonam
746 1403 975 1516 geometria
991 1401 1184 1511 principio
1198 1395 1348 1508 quaefiti
1359 1397 1424 1480 de.

212 1517 447 1602 monstratio
468 1513 559 1600 elici
576 1513 736 1600 debeat.
759 1516 899 1626 Atque
919 1517 958 1592 in
969 1511 1232 1626 hoemaximb
1245 1508 1422 1594 consistit

211 1634 467 1718 inventorum
491 1628 795 1717 Elementorum
806 1624 978 1730 utilitas,
997 1623 1079 1740 qud
1089 1622 1198 1708 nulla
1207 1623 1335 1735 major
1345 1623 1421 1708 hac

211 1749 253 1829 in
268 1773 309 1830 re
324 1743 535 1830 desiderari
555 1741 702 1858 potest.

264 1863 422 1973 Neque
443 1856 535 1943 sane
552 1861 696 1939 mirum
713 1852 838 1940 videri
859 1851 1104 1969 debetquod
1125 1851 1333 1942 Elementa
1343 1879 1421 1932 no-
1515 1913 1517 1916 -

210 1969 288 2056 stra
309 1999 453 2087 paucas
473 1971 767 2088 propositiones
794 1973 1050 2075 contineant,
1068 1967 1275 2080 multaque
1285 1971 1324 2048 in
1344 1962 1422 2048 illis

207 2083 466 2201 definr,quae
478 2081 1110 2202 apudEuclidemleguntur,nam
1123 2081 1424 2169 Elementorum

211 2227 362 2284 nomen
382 2203 485 2288 tue'ri
506 2229 591 2282 non
610 2194 851 2316 pollent,sr,
865 2225 954 2310 quae
963 2197 1014 2282 ab
1028 2204 1085 2282 eis
1123 2195 1287 2301 endem,
1299 2199 1423 2277 etiam

209 2339 286 2428 pro
297 2311 764 2431 principiishaberentur.
783 2310 831 2397 Id
845 2315 950 2396 ratio
963 2227 1364 2424 &merbodnsexigit
1378 2331 1424 2392 ut

209 2429 340 2540 princi
372 2434 531 2542 ia,quae
541 2425 1003 2534 elementavocerimns,
1023 2425 1177 2512 seorsnn
1190 2423 1423 2526 tradantur,

211 2548 257 2626 &
276 2456 492 2654 alreliquis,
512 2569 598 2653 quae
616 2539 710 2622 inde
720 2537 864 2622 deduci
868 2539 1064 2734 poliunt,
1084 2537 1270 2624 accurate
1280 2535 1422 2620 distin-

207 2677 397 2770 guantur.
428 2660 573 2769 Quare
604 2677 763 2736 tantum
789 2651 865 2734 abe

206 2764 1117 2882 elementispropofitionumpaucitasofficiat,
1133 2763 1423 2877 quinillamul·
1509 2857 1511 2862 ,

205 2877 256 2967 τὸ
276 2877 515 2994 perfeetiora
540 2877 712 2964 evadant
730 2877 758 2962 st
774 2875 865 2962 solis
885 2905 1059 2994 quatuor
1082 2875 1423 2996 propontionibus

206 2991 514 3078 elementaribus
544 2990 835 3100 absolvantur,
865 3004 908 3081 δι
936 2991 1153 3078 corollariis
1184 2987 1423 3106 quibusdam

209 3113 411 3222 exceptis,
434 3135 523 3220 quae
540 3103 681 3222 sponte
706 3102 773 3194 sual
792 3135 841 3192 ex
863 3113 1157 3194 nominatarum
1176 3103 1423 3223 propositio-

205 3247 305 3306 num
325 3218 732 3305 demonstrationibus
742 3221 1008 3338 colliguntur,
1026 3219 1092 3306 vel
1103 3251 1192 3335 quae
1212 3214 1423 3305 necessaria

206 3331 297 3419 sunt
315 3333 367 3418 ad
391 3331 643 3449 sequentium
661 3335 970 3450 probationem,
987 3335 1140 3449 reliqua
1158 3403 1171 3442 ,
1192 3363 1280 3450 qnae
1294 3331 1417 3450 pauld

206 3447 369 3564 longius
385 3447 408 3535 ἑ
425 3453 627 3567 principiis
647 3451 863 3558 recedunt,
884 3456 1134 3537 omittantur.
1156 3445 1311 3536 Veritm
1330 3453 1423 3564 quia

206 3561 317 3648 hisce
335 3569 588 3682 geometricis
602 3559 817 3650 Elementis
837 3563 1020 3650 ultimam
1040 3568 1077 3644 in
1096 3561 1281 3679 praesenti
1295 3587 1421 3677 opere

205 3703 341 3766 euram
364 3677 554 3766 adhibere
572 3678 739 3765 minime
765 3679 958 3778 decrevi,
978 3683 1131 3762 interea
1153 3673 1240 3759 satis
1269 3701 1418 3760 conve-

205 3796 317 3877 niens
331 3791 421 3878 fore
441 3792 645 3902 judicaui,
669 3793 895 3908 fiquaedam
915 3821 1000 3875 non
1017 3788 1187 3875 omnind
1209 3789 1420 3874 necessaria

207 3908 342 4023 paffim
361 3905 595 4014 insererem,
620 3933 667 3992 ut
685 3936 825 3993 eorum
839 3905 1025 4022 exemplo
1044 3904 1216 3991 breviter
1235 3903 1419 3986 ostende-

206 4049 292 4106 rem
305 4025 515 4136 quomodo
536 4023 587 4106 ab
607 4022 667 4106 his
680 4021 895 4110 Elementis
914 4025 1247 4140 geometricorum
1266 4045 1416 4132 propo-

206 4135 396 4220 litionurn
409 4137 520 4222 series
538 4135 676 4241 educi,
698 4149 740 4226 bc
762 4135 907 4252 quibus
926 4132 1093 4223 vinculis
1114 4135 1216 4218 nelli
1239 4129 1416 4218 deberet.

208 4255 258 4338 N
262 4277 341 4334 une
369 4249 501 4354 verb,
522 4277 568 4336 ut
595 4277 682 4334 earn
716 4249 954 4338 methodum
974 4255 1107 4366 paucis
1124 4254 1319 4363 attingam
1338 4247 1418 4360 qud

209 4367 457 4480 geometrica
486 4363 692 4480 suppellex
716 4365 879 4456 abunde
904 4367 1032 4482 parari
1067 4361 1216 4492 possit,
1243 4361 1417 4446 maxime
1511 4426 1513 4430 .

208 4476 466 4564 uccellatium
483 4505 729 4594 praeceptum
748 4481 831 4566 esto
850 4542 866 4581 ,
885 4487 933 4562 ur
948 4475 1000 4560 ad
1020 4476 1209 4590 cujusque
1226 4479 1286 4558 rei
1299 4501 1414 4561 natu-

206 4619 315 4696 ram,
328 4616 452 4706 atque
458 4597 765 4739 generationem
776 4590 988 4710 diligenter
1008 4592 1278 4678 attendamusr
1293 4595 1419 4678 Dein.

153 4709 156 4716 ’
211 4705 264 4794 de
286 4715 477 4824 uraguita
487 4706 570 4822 ejus
587 4705 1164 4826 constitutione,&gtntrandi
1178 4703 1417 4818 modo‚que

1152 4825 1177 4910 S
1207 4820 1250 4934 iij

918 2679 965 2736 ut
984 2653 1168 2766 expolitis
1187 2656 1428 2766 geometriae¹
